<?xml version="1.0" encoding="UTF-8"?><collection xmlns="http://www.loc.gov/MARC21/slim"><record><leader>00557nam--2200205-i-4500</leader><controlfield tag="001">000006975</controlfield><controlfield tag="002">20161230</controlfield><controlfield tag="005">20161230201027</controlfield><controlfield tag="008">060222s1000------------r-----000-0-fre-d</controlfield><datafield ind1=" " ind2=" " tag="040"><subfield code="a">IFIN-HH</subfield></datafield><datafield ind1=" " ind2=" " tag="041"><subfield code="a">fre</subfield></datafield><datafield ind1=" " ind2=" " tag="080"><subfield code="a">621.039</subfield></datafield><datafield ind1="1" ind2=" " tag="100"><subfield code="a">Andriot, J</subfield></datafield><datafield ind1="1" ind2="0" tag="245"><subfield code="a">Economie et perspectives de l energie atomique</subfield><subfield code="b">Preface de p. guillaumat</subfield><subfield code="c">J. andriot, j. gaussens</subfield></datafield><datafield ind1=" " ind2=" " tag="260"><subfield code="a">Paris</subfield><subfield code="b">Dunod</subfield><subfield code="c">1964</subfield></datafield><datafield ind1=" " ind2=" " tag="300"><subfield code="a">XII + 276 P</subfield></datafield><datafield ind1=" " ind2=" " tag="490"><subfield code="a">L'Energie Et Ses Problemes</subfield></datafield><datafield ind1="1" ind2=" " tag="700"><subfield code="a">Gaussens, J</subfield></datafield><datafield ind1=" " ind2=" " tag="852"><subfield code="a">20389</subfield><subfield code="c">H.H</subfield></datafield><datafield ind1=" " ind2=" " tag="CAT"><subfield code="a">Sys</subfield><subfield code="c">20130328</subfield><subfield code="h">155201</subfield></datafield></record></collection>